

@book{/content/publication/740f9640-es,
   author = "OECD and The World Bank",
   title = "Panorama de la Salud: Latinoam√©rica y el Caribe 2020",
   year = "2020",
   pages = 160,
   url = "https://www.oecd-ilibrary.org/content/publication/740f9640-es",
   doi = "https://doi.org/https://doi.org/10.1787/740f9640-es" 
}

